<record>
  <leader>01461nem a2200337Ia 4500</leader>
  <controlfield tag="001">991000098249702696</controlfield>
  <controlfield tag="005">20180501160559.0</controlfield>
  <controlfield tag="008">880202s1901||||enk||||| |a|||| 0|||eng|d</controlfield>
  <datafield tag="035" ind1=" " ind2=" ">
    <subfield code="a">(IL-JeALB)10459-972ai_inst</subfield>
  </datafield>
  <datafield tag="035" ind1=" " ind2=" ">
    <subfield code="a">10459</subfield>
    <subfield code="9">ExL</subfield>
  </datafield>
  <datafield tag="035" ind1=" " ind2=" ">
    <subfield code="a">0077019</subfield>
  </datafield>
  <datafield tag="035" ind1=" " ind2=" ">
    <subfield code="a">ocm17422973</subfield>
  </datafield>
  <datafield tag="035" ind1=" " ind2=" ">
    <subfield code="a">2437159</subfield>
  </datafield>
  <datafield tag="040" ind1=" " ind2=" ">
    <subfield code="a">DPL</subfield>
    <subfield code="c">DPL</subfield>
    <subfield code="d">IL-JeALB</subfield>
  </datafield>
  <datafield tag="090" ind1=" " ind2=" ">
    <subfield code="a">BS630</subfield>
    <subfield code="b">.B37 1901</subfield>
  </datafield>
  <datafield tag="100" ind1="1" ind2=" ">
    <subfield code="a">Bartholomew, J G</subfield>
    <subfield code="q">(John George),</subfield>
    <subfield code="d">1860-1920</subfield>
  </datafield>
  <datafield tag="245" ind1="1" ind2="2">
    <subfield code="a">A new topographical, physical, and Biblical map of Palestine /</subfield>
    <subfield code="c">Prepared under the direction of J.G. Bartholomew, and edited by George Adam Smith; with complete index compiled under the supervision of J.G. Bartholomew.</subfield>
    <subfield code="h">[map]</subfield>
  </datafield>
  <datafield tag="255" ind1=" " ind2=" ">
    <subfield code="a">Scale '4 miles to an inch.'</subfield>
  </datafield>
  <datafield tag="260" ind1=" " ind2=" ">
    <subfield code="a">Edinburgh,</subfield>
    <subfield code="b">T. &amp; T. Clark,</subfield>
    <subfield code="c">1901.</subfield>
  </datafield>
  <datafield tag="300" ind1=" " ind2=" ">
    <subfield code="a">col. map: 138 x 96 cm. fold. to 28 x 17 cm.; index: 14 p. 17 cm.</subfield>
  </datafield>
  <datafield tag="500" ind1=" " ind2=" ">
    <subfield code="a">'Compiled from the latest surveys and researches, including the work of the English and German Palestine Exploration Funds. Showing all identified biblical sites, together with the modern place-names.'</subfield>
  </datafield>
  <datafield tag="500" ind1=" " ind2=" ">
    <subfield code="a">Map and index bound together in folder.</subfield>
  </datafield>
  <datafield tag="546" ind1=" " ind2=" ">
    <subfield code="a">English.</subfield>
  </datafield>
  <datafield tag="630" ind1="0" ind2="0">
    <subfield code="a">Bible</subfield>
    <subfield code="x">Geography</subfield>
    <subfield code="x">Maps.</subfield>
  </datafield>
  <datafield tag="651" ind1=" " ind2="0">
    <subfield code="a">Asia</subfield>
    <subfield code="z">Middle East</subfield>
    <subfield code="z">Palestine</subfield>
    <subfield code="v">Maps.</subfield>
  </datafield>
  <datafield tag="700" ind1="1" ind2=" ">
    <subfield code="a">Smith, George Adam,</subfield>
    <subfield code="c">Sir,</subfield>
    <subfield code="d">1856-1942</subfield>
  </datafield>
  <datafield tag="852" ind1="0" ind2=" ">
    <subfield code="8">229089490002696</subfield>
    <subfield code="b">ALBRIGHTLIBRARYMAIN</subfield>
    <subfield code="c">maps</subfield>
    <subfield code="h">G7500.B3 1901</subfield>
  </datafield>
  <datafield tag="941" ind1=" " ind2=" ">
    <subfield code="c">Gift;</subfield>
    <subfield code="a">G. A. Barton</subfield>
    <subfield code="d">1902-1903</subfield>
  </datafield>
  <datafield tag="949" ind1=" " ind2=" ">
    <subfield code="a">G7500.B3 1901</subfield>
    <subfield code="n">Folded maps drawer</subfield>
  </datafield>
  <datafield tag="950" ind1=" " ind2=" ">
    <subfield code="a">Local import; U of Pennsylvania</subfield>
  </datafield>
  <datafield tag="951" ind1=" " ind2=" ">
    <subfield code="a">21208</subfield>
  </datafield>
  <datafield tag="999" ind1=" " ind2=" ">
    <subfield code="a">MAP</subfield>
  </datafield>
</record>
